@article{Segal54,
	title = {Abstract Probability Spaces and a Theorem of Kolmogoroff},
	volume = {76},
	issn = {00029327},
	url = {https://www.jstor.org/stable/2372714?origin=crossref},
	doi = {10.2307/2372714},
	number = {3},
	urldate = {2021-06-15},
	journal = {American Journal of Mathematics},
	author = {Segal, I. E.},
	month = Jul,
	year = {1954},
	pages = {721}
}

@article{LebMao08,
	title = {Non-Parametric Modeling of Partially Ranked Data},
	url = {https://jmlr.csail.mit.edu/papers/volume9/lebanon08a/lebanon08a.pdf},
	journal = {Journal of Machine Learning Research},
	volume = {9},
	author = {Guy Lebanon, Yi Mao},
	year = {2008},
	pages = {2401-2429}
}

@book{FliVer93,
	title = {Probability Models and Statistical Analysis for Ranking Data},
	author = {Michael A. Fligner, Joseph S. Verducci},
	year = {1993},
	doi = {10.1007/978-1-4612-2738-0}
}

@book{Diaconis88,
	title = {Group Representations in Probability and Statistics},
	author = {Persi Diaconis},
	year = {1988},
	issn = {0-940600-14-5},
	url = {https://jdc.math.uwo.ca/M9140a-2012-summer/Diaconis.pdf}
}

@article{Lin00,
	title = {Tensor Product Space ANOVA Models},
	author = {Yi Lin},
	journal = {The Annals of Statistics},
	volume = {28},
	year = {2000},
	pages = {734-755}
}

@article{DroPhi80,
	title = {A Note on Minimum Distance Estimates},
	author = {Constantine A. Drossos, Andreas N. Philippou},
	journal = {Annals of the Institute of Statistical Mathematics},
	volume = {32},
	year = {1980},
	pages = {121-123}
}

@article{Moyal62,
    author = {J. E. Moyal},
    title = {The general theory of stochastic population processes},
    volume = {108},
    journal = {Acta Mathematica},
    publisher = {Institut Mittag-Leffler},
    pages = {1 - 31},
    year = {1962},
    doi = {10.1007/BF02545761},
}

@article{Naaman21,
title = {On the tight constant in the multivariate Dvoretzky–Kiefer–Wolfowitz inequality},
journal = {Statistics & Probability Letters},
volume = {173},
year = {2021},
issn = {0167-7152},
doi = {https://doi.org/10.1016/j.spl.2021.109088},
url = {https://www.sciencedirect.com/science/article/pii/S016771522100050X},
author = {Michael Naaman},
}